@ARTICLE{Takasu2003,
  author = {Takasu, Yosuke and Maki, Kenichi and Komori, Kaduki and Takano, Tetsushi
	and Honda, Kazuhito and Kumakura, Mitsutaka and Yabuzaki, Tsutomu
	and Takahashi, Yoshiro},
  title = {Spin-Singlet Bose-Einstein Condensation of Two-Electron Atoms},
  journal = {Phys. Rev. Lett.},
  year = {2003},
  volume = {91},
  pages = {040404},
  month = {Jul},
  doi = {10.1103/PhysRevLett.91.040404},
  issue = {4},
  numpages = {4},
  publisher = {American Physical Society},
  url = {http://link.aps.org/doi/10.1103/PhysRevLett.91.040404}
}


@ARTICLE{Fukuhara2007,
  author = {Fukuhara, Takeshi and Sugawa, Seiji and Takahashi, Yoshiro},
  title = {Bose-Einstein condensation of an ytterbium isotope},
  journal = {Phys. Rev. A},
  year = {2007},
  volume = {76},
  pages = {051604},
  month = {Nov},
  doi = {10.1103/PhysRevA.76.051604},
  issue = {5},
  numpages = {4},
  publisher = {American Physical Society},
  url = {http://link.aps.org/doi/10.1103/PhysRevA.76.051604}
}


@ARTICLE{Lehmitz1989,
  author = {Lehmitz, H. and Hattendorf-Ledwoch, J. and Blatt, R. and Harde, H.},
  title = {Population trapping in excited Yb ions},
  journal = {Phys. Rev. Lett.},
  year = {1989},
  volume = {62},
  pages = {2108--2111},
  month = {May},
  doi = {10.1103/PhysRevLett.62.2108},
  issue = {18},
  publisher = {American Physical Society},
  url = {http://link.aps.org/doi/10.1103/PhysRevLett.62.2108}
}

@ARTICLE{Honda2002,
  author = {Honda, K. and Takasu, Y. and Kuwamoto, T. and Kumakura, M. and Takahashi,
	Y. and Yabuzaki, T.},
  title = {Optical dipole force trapping of a fermion-boson mixture of ytterbium
	isotopes},
  journal = {Phys. Rev. A},
  year = {2002},
  volume = {66},
  pages = {021401},
  month = {Aug},
  doi = {10.1103/PhysRevA.66.021401},
  issue = {2},
  numpages = {4},
  publisher = {American Physical Society},
  url = {http://link.aps.org/doi/10.1103/PhysRevA.66.021401}
}

@ARTICLE{Kuwamoto1999,
  author = {Kuwamoto, T. and Honda, K. and Takahashi, Y. and Yabuzaki, T.},
  title = {Magneto-optical trapping of Yb atoms using an intercombination transition},
  journal = {Phys. Rev. A},
  year = {1999},
  volume = {60},
  pages = {R745--R748},
  month = {Aug},
  doi = {10.1103/PhysRevA.60.R745},
  issue = {2},
  publisher = {American Physical Society},
  url = {http://link.aps.org/doi/10.1103/PhysRevA.60.R745}
}

@ARTICLE{DeMille1995,
  author = {DeMille, David},
  title = {Parity Nonconservation in the {$6{\mathit{s}}^{2}{}^{1}{\mathit{S}}_{0}\rightarrow{}6\mathit{s}5\mathit{d}{^{3}D}_{1}$} Transition in Atomic Ytterbium},
  journal = {Phys. Rev. Lett.},
  year = {1995},
  volume = {74},
  pages = {4165--4168},
  month = {May},
  doi = {10.1103/PhysRevLett.74.4165},
  issue = {21},
  publisher = {American Physical Society},
  url = {http://link.aps.org/doi/10.1103/PhysRevLett.74.4165}
}
